@article{lees2010theoretical,
  title={Theoretical maximum capacity as benchmark for empty vehicle redistribution in personal rapid transit},
  author={Lees-Miller, John and Hammersley, John and Wilson, R},
  journal={Transportation Research Record: Journal of the Transportation Research Board},
  number={2146},
  pages={76--83},
  year={2010},
  publisher={Transportation Research Board of the National Academies}
}

@article{page2021prisma,
  title = "The PRISMA 2020 statement: an updated guideline for reporting systematic reviews",
  author = "Page, Matthew J and McKenzie, Joanne E and Bossuyt, Patrick M and Boutron, Isabelle and Hoffmann, Tammy C and Mulrow, Cynthia D and Shamseer, Larissa and Tetzlaff, Jennifer M and Moher, David",
  journal = "BMJ (Clinical research ed.)",
  volume = "372",
  number = "n71",
  year = "2021",
  month = "3",
  day = "29",
  doi = "10.1136/bmj.n71"
}
@inproceedings{beltagy-etal-2019-scibert,
    title = "{S}ci{BERT}: A Pretrained Language Model for Scientific Text",
    author = "Beltagy, Iz  and
      Lo, Kyle  and
      Cohan, Arman",
    booktitle = "Proceedings of the 2019 Conference on Empirical Methods in Natural Language Processing and the 9th International Joint Conference on Natural Language Processing (EMNLP-IJCNLP)",
    month = nov,
    year = "2019",
    address = "Hong Kong, China",
    publisher = "Association for Computational Linguistics",
    url = "https://aclanthology.org/D19-1371",
    doi = "10.18653/v1/D19-1371",
    pages = "3615--3620",
    abstract = "Obtaining large-scale annotated data for NLP tasks in the scientific domain is challenging and expensive. We release SciBERT, a pretrained language model based on BERT (Devlin et. al., 2018) to address the lack of high-quality, large-scale labeled scientific data. SciBERT leverages unsupervised pretraining on a large multi-domain corpus of scientific publications to improve performance on downstream scientific NLP tasks. We evaluate on a suite of tasks including sequence tagging, sentence classification and dependency parsing, with datasets from a variety of scientific domains. We demonstrate statistically significant improvements over BERT and achieve new state-of-the-art results on several of these tasks. The code and pretrained models are available at https://github.com/allenai/scibert/.",
}
@article{gu2021domainPubMedBert,
  title={Domain-specific language model pretraining for biomedical natural language processing},
  author={Gu, Yu and Tinn, Robert and Cheng, Hao and Lucas, Michael and Usuyama, Naoto and Liu, Xiaodong and Naumann, Tristan and Gao, Jianfeng and Poon, Hoifung},
  journal={ACM Transactions on Computing for Healthcare (HEALTH)},
  volume={3},
  number={1},
  pages={1--23},
  year={2021},
  publisher={ACM New York, NY}
}

@InProceedings{peng2019transferBLUE,
  author    = {Yifan Peng and Shankai Yan and Zhiyong Lu},
  title     = {{Transfer Learning in Biomedical Natural Language Processing: An Evaluation of BERT and ELMo on Ten Benchmarking Datasets}},
  booktitle = {Proceedings of the 2019 Workshop on Biomedical Natural Language Processing (BioNLP 2019)},
  year      = {2019},
  pages     = {58--65},
}
@article{devlin2018bert,
  title={{BERT}: Pre-training of deep bidirectional transformers for language understanding},
  author={Devlin, Jacob and Chang, Ming-Wei and Lee, Kenton and Toutanova, Kristina},
  journal={arXiv preprint arXiv:1810.04805}  ,
  year={2018}
}

@article{lee2020biobert,
  title={{BioBERT}: a pre-trained biomedical language representation model for biomedical text mining},
  author={Lee, Jinhyuk and Yoon, Wonjin and Kim, Sungdong and Kim, Donghyeon and Kim, Sunkyu and So, Chan Ho and Kang, Jaewoo},
  journal={Bioinformatics},
  volume={36},
  number={4},
  pages={1234--1240},
  year={2020},
  publisher={Oxford University Press}
}
@article{johnson2016mimic,
  title={{MIMIC-III}, a freely accessible critical care database},
  author={Johnson, Alistair EW and Pollard, Tom J and Shen, Lu and Lehman, Li-wei H and Feng, Mengling and Ghassemi, Mohammad and Moody, Benjamin and Szolovits, Peter and Anthony Celi, Leo and Mark, Roger G},
  journal={Scientific data},
  volume={3},
  number={1},
  pages={1--9},
  year={2016},
  publisher={Nature Publishing Group}
}
@article{elangovan2022large,
  title={Large-scale protein-protein post-translational modification extraction with distant supervision and confidence calibrated BioBERT},
  author={Elangovan, Aparna and Li, Yuan and Pires, Douglas EV and Davis, Melissa J and Verspoor, Karin},
  journal={BMC bioinformatics},
  volume={23},
  pages={1--23},
  year={2022},
  publisher={Springer}
}
@article{brown2020language,
  title={Language models are few-shot learners},
  author={Brown, Tom and Mann, Benjamin and Ryder, Nick and Subbiah, Melanie and Kaplan, Jared D and Dhariwal, Prafulla and Neelakantan, Arvind and Shyam, Pranav and Sastry, Girish and Askell, Amanda and others},
  journal={Advances in neural information processing systems},
  volume={33},
  pages={1877--1901},
  year={2020}
}
@misc{radford2018improving,
  title={Improving language understanding by generative pre-training},
  author={Radford, Alec and Narasimhan, Karthik and Salimans, Tim and Sutskever, Ilya and others},
  year={2018},
  note={Preprint OpenAI},
  publisher={OpenAI}
}
@inproceedings{lu2021parameter,
  title={Parameter-efficient domain knowledge integration from multiple sources for biomedical pre-trained language models},
  author={Lu, Qiuhao and Dou, Dejing and Nguyen, Thien Huu},
  booktitle={Findings of the Association for Computational Linguistics: EMNLP 2021},
  pages={3855--3865},
  year={2021}
}
@article{van2021open,
  title={An open source machine learning framework for efficient and transparent systematic reviews},
  author={Van De Schoot, Rens and De Bruin, Jonathan and Schram, Raoul and Zahedi, Parisa and De Boer, Jan and Weijdema, Felix and Kramer, Bianca and Huijts, Martijn and Hoogerwerf, Maarten and Ferdinands, Gerbrich and others},
  journal={Nature machine intelligence},
  volume={3},
  number={2},
  pages={125--133},
  year={2021},
  publisher={Nature Publishing Group UK London}
}

@article{li2017scoping,
  title={A scoping review of comparisons between abstracts and full reports in primary biomedical research},
  author={Li, Guowei and Abbade, Luciana PF and Nwosu, Ikunna and Jin, Yanling and Leenus, Alvin and Maaz, Muhammad and Wang, Mei and Bhatt, Meha and Zielinski, Laura and Sanger, Nitika and others},
  journal={BMC medical research methodology},
  volume={17},
  pages={1--12},
  year={2017},
  publisher={Springer}
}
@article{cohen2010structural,
  title={The structural and content aspects of abstracts versus bodies of full text journal articles are different},
  author={Cohen, K Bretonnel and Johnson, Helen L and Verspoor, Karin and Roeder, Christophe and Hunter, Lawrence E},
  journal={BMC bioinformatics},
  volume={11},
  pages={1--10},
  year={2010},
  publisher={Springer}
}
@article{johnson2023mimic,
  title={{MIMIC-IV}, a freely accessible electronic health record dataset},
  author={Johnson, Alistair EW and Bulgarelli, Lucas and Shen, Lu and Gayles, Alvin and Shammout, Ayad and Horng, Steven and Pollard, Tom J and Hao, Sicheng and Moody, Benjamin and Gow, Brian and others},
  journal={Scientific data},
  volume={10},
  number={1},
  pages={1},
  year={2023},
  publisher={Nature Publishing Group UK London}
}

@article{hartman2020customization,
  title={Customization scenarios for de-identification of clinical notes},
  author={Hartman, Tzvika and Howell, Michael D and Dean, Jeff and Hoory, Shlomo and Slyper, Ronit and Laish, Itay and Gilon, Oren and Vainstein, Danny and Corrado, Greg and Chou, Katherine and others},
  journal={BMC medical informatics and decision making},
  volume={20},
  number={1},
  pages={1--9},
  year={2020},
  publisher={BioMed Central}
}
@inproceedings{feng2020explainable,
  title={Explainable clinical decision support from text},
  author={Feng, Jinyue and Shaib, Chantal and Rudzicz, Frank},
  booktitle={Proceedings of the 2020 conference on empirical methods in natural language processing (EMNLP)},
  pages={1478--1489},
  year={2020}
}
@inproceedings{sawhney2020time,
  title={A time-aware transformer based model for suicide ideation detection on social media},
  author={Sawhney, Ramit and Joshi, Harshit and Gandhi, Saumya and Shah, Rajiv},
  booktitle={Proceedings of the 2020 conference on empirical methods in natural language processing (EMNLP)},
  pages={7685--7697},
  year={2020}
}

@article{hussain2021pharmacovigilance,
  title={Pharmacovigilance with transformers: A framework to detect adverse drug reactions using {BERT} fine-tuned with FARM},
  author={Hussain, Sajid and Afzal, Hammad and Saeed, Ramsha and Iltaf, Naima and Umair, Mir Yasir},
  journal={Computational and Mathematical Methods in Medicine},
  volume={2021},
  year={2021},
  publisher={Hindawi}
}
@inproceedings{guan2019leveraging,
  title={Leveraging contextual information in extracting long distance relations from clinical notes},
  author={Guan, Hong and Devarakonda, Murthy},
  booktitle={AMIA Annual Symposium Proceedings},
  volume={2019},
  pages={1051},
  year={2019},
  organization={American Medical Informatics Association}
}

@article{kalyan2021bertmcn,
  title={Bertmcn: Mapping colloquial phrases to standard medical concepts using bert and highway network},
  author={Kalyan, Katikapalli Subramanyam and Sangeetha, Sivanesan},
  journal={Artificial Intelligence in Medicine},
  volume={112},
  pages={102008},
  year={2021},
  publisher={Elsevier}
}
@article{vaswani2017attention,
  title={Attention is all you need},
  author={Vaswani, Ashish and Shazeer, Noam and Parmar, Niki and Uszkoreit, Jakob and Jones, Llion and Gomez, Aidan N and Kaiser, {\L}ukasz and Polosukhin, Illia},
  journal={Advances in neural information processing systems},
  volume={30},
  year={2017}
}

@article{wang2020cord,
  title={Cord-19: The covid-19 open research dataset},
  author={Wang, Lucy Lu and Lo, Kyle and Chandrasekhar, Yoganand and Reas, Russell and Yang, Jiangjiang and Burdick, Douglas and Eide, Darrin and Funk, Kathryn and Katsis, Yannis and Kinney, Rodney and others},
  journal={ArXiv},
  year={2020},
  publisher={ArXiv}
}
@article{shaitarova2023exploring,
  title={Exploring the Latest Highlights in Medical Natural Language Processing across Multiple Languages: A Survey},
  author={Shaitarova, Anastassia and Zaghir, Jamil and Lavelli, Alberto and Krauthammer, Michael and Rinaldi, Fabio},
  journal={Yearbook of medical informatics},
  volume={32},
  number={01},
  pages={230--243},
  year={2023},
  publisher={Georg Thieme Verlag KG}
}
@article{aum2021srbert,
  title={srBERT: automatic article classification model for systematic review using BERT},
  author={Aum, Sungmin and Choe, Seon},
  journal={Systematic reviews},
  volume={10},
  number={1},
  pages={1--8},
  year={2021},
  publisher={BioMed Central}
}
@article{clarke2007reports,
  title={Reports of clinical trials should begin and end with up-to-date systematic reviews of other relevant evidence: a status report},
  author={Clarke, Mike and Hopewell, Sally and Chalmers, Lain},
  journal={Journal of the Royal Society of Medicine},
  volume={100},
  number={4},
  pages={187--190},
  year={2007},
  publisher={SAGE Publications Sage UK: London, England}
}
@article{zhou2022natural,
  title={Natural language processing for smart healthcare},
  author={Zhou, Binggui and Yang, Guanghua and Shi, Zheng and Ma, Shaodan},
  journal={IEEE Reviews in Biomedical Engineering},
  year={2022},
  publisher={IEEE}
}

@article{kafikang2023drug,
  title={Drug-Drug Interaction Extraction from Biomedical Text using Relation BioBERT with BLSTM},
  author={KafiKang, Maryam and Hendawi, Abdeltawab},
  journal={Machine Learning and Knowledge Extraction},
  volume={5},
  number={2},
  pages={669--683},
  year={2023},
  publisher={MDPI}
}
@article{luo2022biogpt,
  title={BioGPT: generative pre-trained transformer for biomedical text generation and mining},
  author={Luo, Renqian and Sun, Liai and Xia, Yingce and Qin, Tao and Zhang, Sheng and Poon, Hoifung and Liu, Tie-Yan},
  journal={Briefings in Bioinformatics},
  volume={23},
  number={6},
  pages={bbac409},
  year={2022},
  publisher={Oxford University Press}
}
@inproceedings{lymperopoulos2020concept,
  title={Concept wikification for covid-19},
  author={Lymperopoulos, Panagiotis and Qiu, Haoling and Min, Bonan},
  booktitle={Proceedings of the 1st Workshop on NLP for COVID-19 (Part 2) at EMNLP 2020},
  year={2020}
}

@inproceedings{tong2021multi,
  title={A multi-task approach for improving biomedical named entity recognition by incorporating multi-granularity information},
  author={Tong, Yiqi and Chen, Yidong and Shi, Xiaodong},
  booktitle={Findings of the Association for Computational Linguistics: ACL-IJCNLP 2021},
  pages={4804--4813},
  year={2021}
}
@article{mantas2021classification,
  title={The classification of short scientific texts using pretrained BERT model},
  author={Mantas, J and others},
  journal={Public Health and Informatics: Proceedings of MIE 2021},
  volume={281},
  pages={83},
  year={2021},
  publisher={IOS press}
}
@article{ambalavanan2020using,
  title={Using the contextual language model BERT for multi-criteria classification of scientific articles},
  author={Ambalavanan, Ashwin Karthik and Devarakonda, Murthy V},
  journal={Journal of biomedical informatics},
  volume={112},
  pages={103578},
  year={2020},
  publisher={Elsevier}
}
@article{habets2022development,
  title={Development and validation of a machine-learning algorithm to predict the relevance of scientific articles within the field of teratology},
  author={Habets, Philippe C and van IJzendoorn, David GP and Vinkers, Christiaan H and H{\"a}rmark, Linda and de Vries, Loes C and Otte, Willem M},
  journal={Reproductive Toxicology},
  volume={113},
  pages={150--154},
  year={2022},
  publisher={Elsevier}
}
@article{jimeno2023classifying,
  title={Classifying literature mentions of biological pathogens as experimentally studied using natural language processing},
  author={Jimeno Yepes, Antonio Jose and Verspoor, Karin},
  journal={Journal of Biomedical Semantics},
  volume={14},
  number={1},
  pages={1},
  year={2023},
  publisher={Springer}
}
@inproceedings{rosenthal2019leveraging,
  title={Leveraging medical literature for section prediction in electronic health records},
  author={Rosenthal, Sara and Barker, Ken and Liang, Zhicheng},
  booktitle={Proceedings of the 2019 Conference on Empirical Methods in Natural Language Processing and the 9th International Joint Conference on Natural Language Processing (EMNLP-IJCNLP)},
  pages={4864--4873},
  year={2019}
}
@article{li2022pubmedkb,
  title={pubmedKB: an interactive web server for exploring biomedical entity relations in the biomedical literature},
  author={Li, Peng-Hsuan and Chen, Ting-Fu and Yu, Jheng-Ying and Shih, Shang-Hung and Su, Chan-Hung and Lin, Yin-Hung and Tsai, Huai-Kuang and Juan, Hsueh-Fen and Chen, Chien-Yu and Huang, Jia-Hsin},
  journal={Nucleic Acids Research},
  volume={50},
  number={W1},
  pages={W616--W622},
  year={2022},
  publisher={Oxford University Press}
}
@article{martenot2022lisa,
  title={LiSA: an assisted literature search pipeline for detecting serious adverse drug events with deep learning},
  author={Martenot, Vincent and Masdeu, Valentin and Cupe, Jean and Gehin, Faustine and Blanchon, Margot and Dauriat, Julien and Horst, Alexander and Renaudin, Michael and Girard, Philippe and Zucker, Jean-Daniel},
  journal={BMC medical informatics and decision making},
  volume={22},
  number={1},
  pages={1--16},
  year={2022},
  publisher={BioMed Central}
}
@inproceedings{zhang2022pm2f2n,
  title={{PM2F2N}: Patient Multi-view Multi-modal Feature Fusion Networks for Clinical Outcome Prediction},
  author={Zhang, Ying and Zhou, Baohang and Song, Kehui and Sui, Xuhui and Zhao, Guoqing and Jiang, Ning and Yuan, Xiaojie},
  booktitle={Findings of the Association for Computational Linguistics: EMNLP 2022},
  pages={1985--1994},
  year={2022}
}
@article{kart2022emati,
  title={Emati: a recommender system for biomedical literature based on supervised learning},
  author={Kart, {\"O}zge and Mestiashvili, Alexandre and Lachmann, Kurt and Kwasnicki, Richard and Schroeder, Michael},
  journal={Database},
  volume={2022},
  pages={baac104},
  year={2022},
  publisher={Oxford University Press UK}
}
@article{mahajan2020identification,
  title={Identification of semantically similar sentences in clinical notes: Iterative intermediate training using multi-task learning},
  author={Mahajan, Diwakar and Poddar, Ananya and Liang, Jennifer J and Lin, Yen-Ting and Prager, John M and Suryanarayanan, Parthasarathy and Raghavan, Preethi and Tsou, Ching-Huei and others},
  journal={JMIR medical informatics},
  volume={8},
  number={11},
  pages={e22508},
  year={2020},
  publisher={JMIR Publications Inc., Toronto, Canada}
}
@misc{goldacre2019researchers,
  title={Why researchers should share their analytic code},
  author={Goldacre, Ben and Morton, Caroline E and DeVito, Nicholas J},
  journal={BMJ},
  volume={367},
  year={2019},
  publisher={British Medical Journal Publishing Group}
}
@article{stepanov2023comparative,
  title={Comparative analysis of classification techniques for topic-based biomedical literature categorisation},
  author={Stepanov, Ihor and Ivasiuk, Arsentii and Yavorskyi, Oleksandr and Frolova, Alina},
  journal={Frontiers in Genetics},
  volume={14},
  pages={1238140},
  year={2023},
  publisher={Frontiers}
}
@article{wang2023text,
  title={Text dialogue analysis Based ChatGPT for Primary Screening of Mild Cognitive Impairment},
  author={Wang, Changyu and Liu, Siru and Li, Aiqing and Liu, Jialin},
  journal={medRxiv},
  pages={2023--06},
  year={2023},
  publisher={Cold Spring Harbor Laboratory Press}
}
@inproceedings{kim2023symptomify,
  title={SYMPTOMIFY: Transforming Symptom Annotations with Language Model Knowledge Harvesting},
  author={Kim, Bosung and Nakashole, Ndapandula},
  booktitle={Findings of the Association for Computational Linguistics: EMNLP 2023},
  pages={11667--11681},
  year={2023}
}
@article{patra2023automated,
  title={Automated classification of lay health articles using natural language processing: a case study on pregnancy health and postpartum depression},
  author={Patra, Braja Gopal and Sun, Zhaoyi and Cheng, Zilin and Joly, Rochelle and Pathak, Jyotishman and Peng, Yifan},
  journal={Frontiers in Psychiatry},
  volume={14},
  pages={1258887},
  year={2023},
  publisher={Frontiers}
}
@article{karkera2023leveraging,
  title={Leveraging pre-trained language models for mining microbiome-disease relationships},
  author={Karkera, Nikitha and Acharya, Sathwik and Palaniappan, Sucheendra K},
  journal={BMC bioinformatics},
  volume={24},
  number={1},
  pages={290},
  year={2023},
  publisher={Springer}
}
@article{khraisha2023can,
  title={Can large language models replace humans in the systematic review process? Evaluating GPT-4's efficacy in screening and extracting data from peer-reviewed and grey literature in multiple languages},
  author={Khraisha, Qusai and Put, Sophie and Kappenberg, Johanna and Warraitch, Azza and Hadfield, Kristin},
  journal={arXiv preprint arXiv:2310.17526},
  year={2023}
}
@article{tang2023evaluating,
  title={Evaluating large language models on medical evidence summarization},
  author={Tang, Liyan and Sun, Zhaoyi and Idnay, Betina and Nestor, Jordan G and Soroush, Ali and Elias, Pierre A and Xu, Ziyang and Ding, Ying and Durrett, Greg and Rousseau, Justin F and others},
  journal={npj Digital Medicine},
  volume={6},
  number={1},
  pages={158},
  year={2023},
  publisher={Nature Publishing Group UK London}
}
@article{ye2023cognitive,
  title={Cognitive mirage: A review of hallucinations in large language models},
  author={Ye, Hongbin and Liu, Tong and Zhang, Aijia and Hua, Wei and Jia, Weiqiang},
  journal={arXiv preprint arXiv:2309.06794},
  year={2023}
}
@article{bornmann2015growth,
  title={Growth rates of modern science: A bibliometric analysis based on the number of publications and cited references},
  author={Bornmann, Lutz and Mutz, R{\"u}diger},
  journal={Journal of the association for information science and technology},
  volume={66},
  number={11},
  pages={2215--2222},
  year={2015},
  publisher={Wiley Online Library}
}
@article{ineichen2023data,
  title={From data deluge to publomics: How AI can transform animal research},
  author={Ineichen, Benjamin V and Rosso, Marianna and Macleod, Malcolm R},
  journal={Lab animal},
  volume={52},
  number={10},
  pages={213--214},
  year={2023},
  publisher={Nature Publishing Group US New York}
}
@article{ivanisenko2022new,
  title={The New Version of the ANDDigest Tool with Improved AI-Based Short Names Recognition},
  author={Ivanisenko, Timofey V and Demenkov, Pavel S and Kolchanov, Nikolay A and Ivanisenko, Vladimir A},
  journal={International Journal of Molecular Sciences},
  volume={23},
  number={23},
  pages={14934},
  year={2022},
  publisher={MDPI}
}
@article{ji2020bert,
  title={Bert-based ranking for biomedical entity normalization},
  author={Ji, Zongcheng and Wei, Qiang and Xu, Hua},
  journal={AMIA Summits on Translational Science Proceedings},
  volume={2020},
  pages={269},
  year={2020},
  publisher={American Medical Informatics Association}
}
@article{naseem2022benchmarking,
  title={Benchmarking for biomedical natural language processing tasks with a domain specific albert},
  author={Naseem, Usman and Dunn, Adam G and Khushi, Matloob and Kim, Jinman},
  journal={BMC bioinformatics},
  volume={23},
  number={1},
  pages={1--15},
  year={2022},
  publisher={BioMed Central}
}
@inproceedings{lin2023mind,
  title={Mind the biases: Quantifying cognitive biases in language model prompting},
  author={Lin, Ruixi and Ng, Hwee Tou},
  booktitle={Findings of the Association for Computational Linguistics: ACL 2023},
  pages={5269--5281},
  year={2023}
}
@article{wang2023decodingtrust,
  title={{DecodingTrust}: A comprehensive assessment of trustworthiness in gpt models},
  author={Wang, Boxin and Chen, Weixin and Pei, Hengzhi and Xie, Chulin and Kang, Mintong and Zhang, Chenhui and Xu, Chejian and Xiong, Zidi and Dutta, Ritik and Schaeffer, Rylan and others},
  journal={arXiv preprint arXiv:2306.11698},
  year={2023}
}
@article{magnusson2023reproducibility,
  title={Reproducibility in NLP: What Have We Learned from the Checklist?},
  author={Magnusson, Ian and Smith, Noah A and Dodge, Jesse},
  journal={arXiv preprint arXiv:2306.09562},
  year={2023}
}
@article{kapoor2023reforms,
  title={Reforms: Reporting standards for machine learning based science},
  author={Kapoor, Sayash and Cantrell, Emily and Peng, Kenny and Pham, Thanh Hien and Bail, Christopher A and Gundersen, Odd Erik and Hofman, Jake M and Hullman, Jessica and Lones, Michael A and Malik, Momin M and others},
  journal={arXiv preprint arXiv:2308.07832},
  year={2023}
}
@article{dodge2019show,
  title={Show your work: Improved reporting of experimental results},
  author={Dodge, Jesse and Gururangan, Suchin and Card, Dallas and Schwartz, Roy and Smith, Noah A},
  journal={arXiv preprint arXiv:1909.03004},
  year={2019}
}
@inproceedings{liesenfeld2023opening,
  title={Opening up {ChatGPT}: Tracking openness, transparency, and accountability in instruction-tuned text generators},
  author={Liesenfeld, Andreas and Lopez, Alianda and Dingemanse, Mark},
  booktitle={Proceedings of the 5th international conference on conversational user interfaces},
  pages={1--6},
  year={2023}
}
@inproceedings{wu2023knowlab,
  title={{KnowLab at RadSum23}: comparing pre-trained language models in radiology report summarization},
  author={Wu, Jinge and Shi, Daqian and Hasan, Abul and Wu, Honghan},
  booktitle={Proceedings of the Annual Meeting of the Association for Computational Linguistics},
  pages={535--540},
  year={2023},
  organization={ACL}
}
@article{huang2016community,
  title={Community challenges in biomedical text mining over 10 years: success, failure and the future},
  author={Huang, Chung-Chi and Lu, Zhiyong},
  journal={Briefings in bioinformatics},
  volume={17},
  number={1},
  pages={132--144},
  year={2016},
  publisher={Oxford University Press}
}
@article{li2022distinguished,
  title={Distinguished representation of identical mentions in bio-entity coreference resolution},
  author={Li, Yufei and Zhou, Xiangyu and Ma, Jie and Ma, Xiaoyong and Cheng, Pengzhen and Gong, Tieliang and Li, Chen},
  journal={BMC Medical Informatics and Decision Making},
  volume={22},
  number={1},
  pages={1--12},
  year={2022},
  publisher={BioMed Central}
}
@inproceedings{zeng2020tri,
  title={{Tri-Train: Automatic Pre-Fine Tuning between Pre-Training and Fine-Tuning for SciNER}},
  author={Zeng, Qingkai and Yu, Wenhao and Yu, Mengxia and Jiang, Tianwen and Weninger, Tim and Jiang, Meng},
  booktitle={Findings of the Association for Computational Linguistics: EMNLP 2020},
  pages={4778--4787},
  year={2020}
}
@inproceedings{otegi2020automatic,
  title={Automatic evaluation vs. user preference in neural textual QuestionAnswering over {COVID-19} scientific literature},
  author={Otegi, Arantxa and Campos, Jon Ander and Azkune, Gorka and Soroa, Aitor and Agirre, Eneko},
  booktitle={Workshop on NLP for COVID-19 (Part 2) at EMNLP 2020},
  year={2020}
}
@inproceedings{tahri2023transitioning,
  title={Transitioning from benchmarks to a real-world case of information-seeking in Scientific Publications},
  author={Tahri, Chyrine and Bochnakian, Aurore and Haouat, Patrick and Tannier, Xavier},
  booktitle={Findings of the Association for Computational Linguistics: ACL 2023},
  pages={1066--1076},
  year={2023},
  organization={Association for Computational Linguistics}
}
@inproceedings{almeida2020frugal,
  title={Frugal neural reranking: evaluation on the covid-19 literature},
  author={Almeida, Tiago and Matos, S{\'e}rgio},
  booktitle={Workshop on NLP for COVID-19 (Part 2) at EMNLP 2020},
  year={2020}
}
@inproceedings{sarrouti2021evidence,
  title={Evidence-based fact-checking of health-related claims},
  author={Sarrouti, Mourad and Abacha, Asma Ben and M’rabet, Yassine and Demner-Fushman, Dina},
  booktitle={Findings of the Association for Computational Linguistics: EMNLP 2021},
  pages={3499--3512},
  year={2021}
}
@article{zhang2023hybrid,
  title={A hybrid algorithm for clinical decision support in precision medicine based on machine learning},
  author={Zhang, Zicheng and Lin, Xinyue and Wu, Shanshan},
  journal={BMC bioinformatics},
  volume={24},
  number={1},
  pages={1--18},
  year={2023},
  publisher={BioMed Central}
}
@article{aldahdooh2023mining,
  title={Mining drug-target interactions from biomedical literature using chemical and gene descriptions based ensemble transformer model},
  author={Aldahdooh, Jehad and Tanoli, Ziaurrehman and Tang, Jing},
  journal={bioRxiv},
  pages={2023--07},
  year={2023},
  publisher={Cold Spring Harbor Laboratory}
}
@article{asada2023integrating,
  title={Integrating heterogeneous knowledge graphs into drug--drug interaction extraction from the literature},
  author={Asada, Masaki and Miwa, Makoto and Sasaki, Yutaka},
  journal={Bioinformatics},
  volume={39},
  number={1},
  pages={btac754},
  year={2023},
  publisher={Oxford University Press}
}
@article{rabby2023multi,
  title={Multi-class classification of {COVID-19} documents using machine learning algorithms},
  author={Rabby, Gollam and Berka, Petr},
  journal={Journal of Intelligent Information Systems},
  volume={60},
  number={2},
  pages={571--591},
  year={2023},
  publisher={Springer}
}
@article{lin2022bert,
  title={{A BERT-based ensemble learning approach for the BioCreative VII challenges}: full-text chemical identification and multi-label classification in PubMed articles},
  author={Lin, Sheng-Jie and Yeh, Wen-Chao and Chiu, Yu-Wen and Chang, Yung-Chun and Hsu, Min-Huei and Chen, Yi-Shin and Hsu, Wen-Lian},
  journal={Database},
  volume={2022},
  pages={baac056},
  year={2022},
  publisher={Oxford University Press UK}
}
@article{chen2023contextualized,
  title={Contextualized medication information extraction using Transformer-based deep learning architectures},
  author={Chen, Aokun and Yu, Zehao and Yang, Xi and Guo, Yi and Bian, Jiang and Wu, Yonghui},
  journal={Journal of Biomedical Informatics},
  volume={142},
  pages={104370},
  year={2023},
  publisher={Elsevier}
}
@inproceedings{xiong2023eara,
  title={{EARA: Improving Biomedical Semantic Textual Similarity with Entity-Aligned Attention and Retrieval Augmentation}},
  author={Xiong, Ying and Yang, Xin and Liu, Linjing and Wong, Ka-Chun and Chen, Qingcai and Xiang, Yang and Tang, Buzhou},
  booktitle={The 2023 Conference on Empirical Methods in Natural Language Processing},
  year={2023}
}
@inproceedings{tang2019identification,
  title={De-identification of clinical text via {Bi-LSTM-CRF} with neural language models},
  author={Tang, Buzhou and Jiang, Dehuan and Chen, Qingcai and Wang, Xiaolong and Yan, Jun and Shen, Ying},
  booktitle={AMIA Annual Symposium Proceedings},
  volume={2019},
  pages={857},
  year={2019},
  organization={American Medical Informatics Association}
}
@inproceedings{wang2021knowledge,
  title={Knowledge-guided paraphrase identification},
  author={Wang, Haoyu and Ma, Fenglong and Wang, Yaqing and Gao, Jing},
  booktitle={Findings of the Association for Computational Linguistics: EMNLP 2021},
  pages={843--853},
  year={2021}
}
@article{chen2019general,
  title={A general approach for improving deep learning-based medical relation extraction using a pre-trained model and fine-tuning},
  author={Chen, Tao and Wu, Mingfen and Li, Hexi},
  journal={Database},
  volume={2019},
  pages={baz116},
  year={2019},
  publisher={Oxford University Press}
}
@inproceedings{duan2023cda,
  title={{CDA}: A Contrastive Data Augmentation Method for Alzheimer’s Disease Detection},
  author={Duan, Junwen and Wei, Fangyuan and Liu, Jin and Li, Hongdong and Liu, Tianming and Wang, Jianxin},
  booktitle={Findings of the Association for Computational Linguistics: ACL 2023},
  pages={1819--1826},
  year={2023}
}
@inproceedings{aich2022towards,
  title={Towards Intelligent Clinically-Informed Language Analyses of People with Bipolar Disorder and Schizophrenia},
  author={Aich, Ankit and Quynh, Avery and Badal, Varsha and Pinkham, Amy and Harvey, Philip and Depp, Colin and Parde, Natalie},
  booktitle={Findings of the Association for Computational Linguistics: EMNLP 2022},
  pages={2871--2887},
  year={2022}
}
@inproceedings{liu2020adapting,
  title={Adapting open domain fact extraction and verification to COVID-FACT through in-domain language modeling},
  author={Liu, Zhenghao and Xiong, Chenyan and Dai, Zhuyun and Sun, Si and Sun, Maosong and Liu, Zhiyuan},
  booktitle={Findings of the Association for Computational Linguistics: EMNLP 2020},
  pages={2395--2400},
  year={2020}
}
@inproceedings{hossain2020covidlies,
  title={COVIDLies: Detecting COVID-19 misinformation on social media},
  author={Hossain, Tamanna and Iv, Robert L Logan and Ugarte, Arjuna and Matsubara, Yoshitomo and Young, Sean and Singh, Sameer},
  booktitle={Proceedings of the 1st Workshop on NLP for COVID-19 (Part 2) at EMNLP 2020},
  year={2020}
}
@inproceedings{deznabi2021predicting,
  title={Predicting in-hospital mortality by combining clinical notes with time-series data},
  author={Deznabi, Iman and Iyyer, Mohit and Fiterau, Madalina},
  booktitle={Findings of the association for computational linguistics: ACL-IJCNLP 2021},
  pages={4026--4031},
  year={2021}
}
@inproceedings{sosea2020canceremo,
  title={Canceremo: A dataset for fine-grained emotion detection},
  author={Sosea, Tiberiu and Caragea, Cornelia},
  booktitle={Proceedings of the 2020 Conference on Empirical Methods in Natural Language Processing (EMNLP)},
  pages={8892--8904},
  year={2020}
}
@article{zhang2021commentary,
  title={A commentary of GPT-3 in MIT Technology Review 2021},
  author={Zhang, Min and Li, Juntao},
  journal={Fundamental Research},
  volume={1},
  number={6},
  pages={831--833},
  year={2021},
  publisher={Elsevier}
}
@article{yang2023harnessing,
  title={Harnessing the power of llms in practice: A survey on chatgpt and beyond},
  author={Yang, Jingfeng and Jin, Hongye and Tang, Ruixiang and Han, Xiaotian and Feng, Qizhang and Jiang, Haoming and Yin, Bing and Hu, Xia},
  journal={arXiv preprint arXiv:2304.13712    }   ,
  year={2023}
}

@article{sawhney2022risk,
  title={A risk-averse mechanism for suicidality assessment on social media},
  author={Sawhney, Ramit and Neerkaje, Atula Tejaswi and Gaur, Manas},
  journal={Association for Computational Linguistics 2022 (ACL 2022)},
  year={2022}
}
@inproceedings{zanwar2023fuse,
  title={What to fuse and how to fuse: Exploring emotion and personality fusion strategies for explainable mental disorder detection},
  author={Zanwar, Sourabh and Li, Xiaofei and Wiechmann, Daniel and Qiao, Yu and Kerz, Elma},
  booktitle={Findings of the Association for Computational Linguistics: ACL 2023},
  pages={8926--8940},
  year={2023}
}
## RELATED WORK
@article{yang2023large,
  title={Large language models in health care: Development, applications, and challenges},
  author={Yang, Rui and Tan, Ting Fang and Lu, Wei and Thirunavukarasu, Arun James and Ting, Daniel Shu Wei and Liu, Nan},
  journal={Health Care Science},
  volume={2},
  number={4},
  pages={255--263},
  year={2023},
  publisher={Wiley Online Library}
}
@article{cesario2024survey,
  title={A survey of the recent trends in deep learning for literature based discovery in the biomedical domain},
  author={Cesario, Eugenio and Comito, Carmela and Zumpano, Ester},
  journal={Neurocomputing},
  volume={568},
  pages={127079},
  year={2024},
  publisher={Elsevier}
}
@article{thirunavukarasu2023large,
  title={Large language models in medicine},
  author={Thirunavukarasu, Arun James and Ting, Darren Shu Jeng and Elangovan, Kabilan and Gutierrez, Laura and Tan, Ting Fang and Ting, Daniel Shu Wei},
  journal={Nature medicine},
  volume={29},
  number={8},
  pages={1930--1940},
  year={2023},
  publisher={Nature Publishing Group US New York}
}
@article{wang2023pre,
  title={Pre-trained language models in biomedical domain: A systematic survey},
  author={Wang, Benyou and Xie, Qianqian and Pei, Jiahuan and Chen, Zhihong and Tiwari, Prayag and Li, Zhao and Fu, Jie},
  journal={ACM Computing Surveys},
  volume={56},
  number={3},
  pages={1--52},
  year={2023},
  publisher={ACM New York, NY}
}
@inproceedings{sallam2023chatgpt,
  title={Chat{GPT} utility in healthcare education, research, and practice: systematic review on the promising perspectives and valid concerns},
  author={Sallam, Malik},
  booktitle={Healthcare},
  volume={11 (6)},
  pages={887},
  year={2023},
  organization={MDPI}
}
@article{tian2024opportunities,
  title={Opportunities and challenges for ChatGPT and large language models in biomedicine and health},
  author={Tian, Shubo and Jin, Qiao and Yeganova, Lana and Lai, Po-Ting and Zhu, Qingqing and Chen, Xiuying and Yang, Yifan and Chen, Qingyu and Kim, Won and Comeau, Donald C and others},
  journal={Briefings in Bioinformatics},
  volume={25},
  number={1},
  pages={bbad493},
  year={2024},
  publisher={Oxford University Press}
}
@article{jin2024pubmed,
    title={PubMed and beyond: biomedical literature search in the age of artificial intelligence},
    author={Jin, Qiao and Leaman, Robert and Lu, Zhiyong},
    journal={Ebiomedicine},
    volume={100},
    year={2024},
    publisher={Elsevier}
}
@article{zhang2023applications,
  title={Applications of transformer-based language models in bioinformatics: a survey},
  author={Zhang, Shuang and Fan, Rui and Liu, Yuti and Chen, Shuang and Liu, Qiao and Zeng, Wanwen},
  journal={Bioinformatics Advances},
  volume={3},
  number={1},
  pages={vbad001},
  year={2023},
  publisher={Oxford University Press}
}
@article{kalyan2022ammu,
  title={{AMMU}: a survey of transformer-based biomedical pretrained language models},
  author={Kalyan, Katikapalli Subramanyam and Rajasekharan, Ajit and Sangeetha, Sivanesan},
  journal={Journal of biomedical informatics},
  volume={126},
  pages={103982},
  year={2022},
  publisher={Elsevier}
}

@article{he2023survey,
  title={A survey of large language models for healthcare: from data, technology, and applications to accountability and ethics},
  author={He, Kai and Mao, Rui and Lin, Qika and Ruan, Yucheng and Lan, Xiang and Feng, Mengling and Cambria, Erik},
  journal={arXiv preprint arXiv:2310.05694},
  year={2023}
}
@article{locke2021natural,
  title={Natural language processing in medicine: a review},
  author={Locke, Saskia and Bashall, Anthony and Al-Adely, Sarah and Moore, John and Wilson, Anthony and Kitchen, Gareth B},
  journal={Trends in Anaesthesia and Critical Care},
  volume={38},
  pages={4--9},
  year={2021},
  publisher={Elsevier}
}
@article{kim2020data,
  title={Data sharing policies of journals in life, health, and physical sciences indexed in Journal Citation Reports},
  author={Kim, Jihyun and Kim, Soon and Cho, Hye-Min and Chang, Jae Hwa and Kim, Soo Young},
  journal={PeerJ},
  volume={8},
  pages={e9924},
  year={2020},
  publisher={PeerJ Inc.}
}

@article{touvron2023llama,
  title={{Llama 2}: Open foundation and fine-tuned chat models},
  author={Touvron, Hugo and Martin, Louis and Stone, Kevin and Albert, Peter and Almahairi, Amjad and Babaei, Yasmine and Bashlykov, Nikolay and Batra, Soumya and Bhargava, Prajjwal and Bhosale, Shruti and others},
  journal={arXiv preprint arXiv:2307.09288},
  year={2023}
}
@article{chen2023meditron,
  title={{Meditron-70b}: Scaling medical pretraining for large language models},
  author={Chen, Zeming and Cano, Alejandro Hern{\'a}ndez and Romanou, Angelika and Bonnet, Antoine and Matoba, Kyle and Salvi, Francesco and Pagliardini, Matteo and Fan, Simin and K{\"o}pf, Andreas and Mohtashami, Amirkeivan and others},
  journal={arXiv preprint arXiv:2311.16079},
  year={2023}
}
@article{labrak2024biomistral,
  title={BioMistral: A Collection of Open-Source Pretrained Large Language Models for Medical Domains},
  author={Labrak, Yanis and Bazoge, Adrien and Morin, Emmanuel and Gourraud, Pierre-Antoine and Rouvier, Mickael and Dufour, Richard},
  journal={arXiv preprint arXiv:2402.10373},
  year={2024}
}
### DATASETS
@article{dougan2014ncbi,
  title={{NCBI} disease corpus: a resource for disease name recognition and concept normalization},
  author={Do{\u{g}}an, Rezarta Islamaj and Leaman, Robert and Lu, Zhiyong},
  journal={Journal of biomedical informatics},
  volume={47},
  pages={1--10},
  year={2014},
  publisher={Elsevier}
}

@article{smith2008overview,
  title={Overview of {BioCreative II} gene mention recognition},
  author={Smith, Larry and Tanabe, Lorraine K and Ando, Rie Johnson nee and Kuo, Cheng-Ju and Chung, I-Fang and Hsu, Chun-Nan and Lin, Yu-Shi and Klinger, Roman and Friedrich, Christoph M and Ganchev, Kuzman and others},
  journal={Genome biology},
  volume={9},
  pages={1--19},
  year={2008},
  publisher={Springer}
}
@inproceedings{collier2004introduction,
  title={Introduction to the bio-entity recognition task at {JNLPBA}},
  author={Collier, Nigel and Ohta, Tomoko and Tsuruoka, Yoshimasa and Tateisi, Yuka and Kim, Jin-Dong},
  booktitle={Proceedings of the International Joint Workshop on Natural Language Processing in Biomedicine and its Applications (NLPBA/BioNLP)},
  pages={73--78},
  year={2004}
}
@article{krallinger2008overview,
  title={Overview of the protein-protein interaction annotation extraction task of {BioCreative II}},
  author={Krallinger, Martin and Leitner, Florian and Rodriguez-Penagos, Carlos and Valencia, Alfonso},
  journal={Genome biology},
  volume={9},
  pages={1--19},
  year={2008},
  publisher={Springer}
}
@inproceedings{krallinger2017overview,
  title={Overview of the {BioCreative VI} chemical-protein interaction Track},
  author={Krallinger, Martin and Rabal, Obdulia and Akhondi, Saber A and P{\'e}rez, Mart{\i}n P{\'e}rez and Santamar{\'\i}a, Jes{\'u}s and Rodr{\'\i}guez, Gael P{\'e}rez and Tsatsaronis, Georgios and Intxaurrondo, Ander and L{\'o}pez, Jos{\'e} Antonio and Nandal, Umesh and others},
  booktitle={Proceedings of the sixth BioCreative challenge evaluation workshop},
  volume={1},
  pages={141--146},
  year={2017}
}

@article{herrero2013ddi,
  title={The DDI corpus: An annotated corpus with pharmacological substances and drug--drug interactions},
  author={Herrero-Zazo, Mar{\'\i}a and Segura-Bedmar, Isabel and Mart{\'\i}nez, Paloma and Declerck, Thierry},
  journal={Journal of biomedical informatics},
  volume={46},
  number={5},
  pages={914--920},
  year={2013},
  publisher={Elsevier}
}
@inproceedings{nentidis2020results,
  title={Results of the seventh edition of the bioasq challenge},
  author={Nentidis, Anastasios and Bougiatiotis, Konstantinos and Krithara, Anastasia and Paliouras, Georgios},
  booktitle={Machine Learning and Knowledge Discovery in Databases: International Workshops of ECML PKDD 2019, W{\"u}rzburg, Germany, September 16--20, 2019, Proceedings, Part II},
  pages={553--568},
  year={2020},
  organization={Springer}
}

@article{van2012eu,
  title={The {EU-ADR} corpus: annotated drugs, diseases, targets, and their relationships},
  author={Van Mulligen, Erik M and Fourrier-Reglat, Annie and Gurwitz, David and Molokhia, Mariam and Nieto, Ainhoa and Trifiro, Gianluca and Kors, Jan A and Furlong, Laura I},
  journal={Journal of biomedical informatics},
  volume={45},
  number={5},
  pages={879--884},
  year={2012},
  publisher={Elsevier}
}
@article{uzuner20112010,
  title={2010 {i2b2/VA} challenge on concepts, assertions, and relations in clinical text},
  author={Uzuner, {\"O}zlem and South, Brett R and Shen, Shuying and DuVall, Scott L},
  journal={Journal of the American Medical Informatics Association},
  volume={18},
  number={5},
  pages={552--556},
  year={2011},
  publisher={BMJ Group BMA House, Tavistock Square, London, WC1H 9JR}
}
@article{gerner2010linnaeus,
  title={LINNAEUS: a species name identification system for biomedical literature},
  author={Gerner, Martin and Nenadic, Goran and Bergman, Casey M},
  journal={BMC bioinformatics},
  volume={11},
  pages={1--17},
  year={2010},
  publisher={Springer}
}
@article{pafilis2013species,
  title={The SPECIES and ORGANISMS resources for fast and accurate identification of taxonomic names in text},
  author={Pafilis, Evangelos and Frankild, Sune P and Fanini, Lucia and Faulwetter, Sarah and Pavloudi, Christina and Vasileiadou, Aikaterini and Arvanitidis, Christos and Jensen, Lars Juhl},
  journal={PloS one},
  volume={8},
  number={6},
  pages={e65390},
  year={2013},
  publisher={Public Library of Science San Francisco, USA}
}
@article{li2016biocreative,
  title={{BioCreative V CDR} task corpus: a resource for chemical disease relation extraction},
  author={Li, Jiao and Sun, Yueping and Johnson, Robin J and Sciaky, Daniela and Wei, Chih-Hsuan and Leaman, Robert and Davis, Allan Peter and Mattingly, Carolyn J and Wiegers, Thomas C and Lu, Zhiyong},
  journal={Database},
  volume={2016},
  year={2016},
  publisher={Oxford Academic}
}
@article{krallinger2015chemdner,
  title={CHEMDNER: The drugs and chemical names extraction challenge},
  author={Krallinger, Martin and Leitner, Florian and Rabal, Obdulia and Vazquez, Miguel and Oyarzabal, Julen and Valencia, Alfonso},
  journal={Journal of cheminformatics},
  volume={7},
  pages={1--11},
  year={2015},
  publisher={Springer}
}